@booklet{Synth,
	author       = "Jim Lewis",
	title        = "VHDL Quick Reference",
	howpublished = "Internet: \url{http://www.synthworks.com/downloads/vhdl_quickref.pdf}",
	year         = "2008"
}
