@booklet{Synth,
	author       = "Morten Zilmer",
	title        = "Clock {G}enerator",
	howpublished = "Internet: \url{http://stackoverflow.com/questions/17904514/vhdl-how-should-i-create-a-clock-in-a-testbench}",
	year         = "2013"
}
